%% LaTeX2e file `bib.bib'
%% generated by the `filecontents' environment
%% from source `Section2' on 2024/07/02.
%%
@Article{CharnessDufwenberg2006,
  author    = {Charness, Gary and Dufwenberg, Martin},
  journal   = {Econometrica},
  title     = {Promises and partnership},
  year      = {2006},
  number    = {6},
  pages     = {1579--1601},
  volume    = {74},
  file      = {:CharnessDufwenberg2006 - Promises and Partnership.pdf:PDF;:CharnessDufwenberg2006 - Promises and Partnership - Supplement.pdf:PDF},
  publisher = {Wiley Online Library},
}
